@inproceedings{flow_reference,
author = {Harrison, Cyrus and Navratil, Paul and Moussalem, Maysam and Jiang, Ming and Childs, Hank},
title = {Efficient Dynamic Derived Field Generation on Many-Core Architectures Using Python},
year = {2012},
isbn = {9780769549569},
publisher = {IEEE Computer Society},
address = {USA},
url = {https://doi.org/10.1109/SC.Companion.2012.82},
doi = {10.1109/SC.Companion.2012.82},
booktitle = {Proceedings of the 2012 SC Companion: High Performance Computing, Networking Storage and Analysis},
pages = {583–592},
numpages = {10},
keywords = {opencl, python, scientific visualization, hpc},
series = {SCC ’12}
}

@inproceedings{LarsenStrawman,
 author = {Larsen, Matthew and Brugger, Eric and Childs, Hank and Eliot, Jim and Griffin, Kevin and Harrison, Cyrus},
 title = {Strawman: A Batch In Situ Visualization and Analysis Infrastructure for Multi-Physics Simulation Codes},
 booktitle = {Proceedings of the First Workshop on In Situ Infrastructures for Enabling Extreme-Scale Analysis and Visualization},
 series = {ISAV2015},
 year = {2015},
 isbn = {978-1-4503-4003-8},
 location = {Austin, TX, USA},
 pages = {30--35},
 numpages = {6},
 doi = {10.1145/2828612.2828625},
 acmid = {2828625},
 publisher = {ACM},
 address = {New York, NY, USA},
}

@inproceedings{Larsen:ISAV18,
 author = {Larsen, Matthew and Woods, Amy and Marsaglia, Nicole and Biswas, Ayan and Dutta, Soumya and Harrison, Cyrus and Childs, Hank},
 title = {{A Flexible System for In Situ Triggers}},
 booktitle = {Proceedings of the Workshop on In Situ Infrastructures for Enabling Extreme-Scale Analysis and Visualization (ISAV)},
 year = {2018},
 isbn = {978-1-4503-6579-6},
 address = {Dallas, TX},
 pages = {1--6},
 month = nov,
 numpages = {6}
}


@inproceedings{Agranovsky:LDAV2014,
    author = {Alexy Agranovsky and David Camp and Christoph Garth and E. Wes Bethel and Kenneth I. Joy and Hank Childs},
    title = {{Improved Post Hoc Flow Analysis via Lagrangian Representations}},
    booktitle = {Proceedings of the IEEE Symposium on Large Data Visualization and Analysis (LDAV)},
    month=nov,
    year ={2014},
    pages="67--75",
    address = {Paris, France},
}

@inproceedings{Sane:EGPGV19,
 booktitle = {Eurographics Symposium on Parallel Graphics and Visualization (EGPGV)},
title = {{An Interpolation Scheme for VDVP Lagrangian Basis Flows}},
author = { Sudhanshu Sane and Hank Childs and Roxana Bujack },
year = {2019},
month = jun,
pages = { 109--118 },
address = { Porto, Portugal },
}


@article{messina2017exascale,
  title={The Exascale Computing Project},
  author={Messina, Paul},
  journal={Computing in Science \& Engineering},
  volume={19},
  number={3},
  pages={63--67},
  year={2017},
  publisher={IEEE}
}

@article{Bauer:InSitu-STAR:2016,
   author = {Andrew C. Bauer and others},
  title = {{\textit{In Situ} Methods, Infrastructures, and Applications on High Performance Computing Platforms, a State-of-the-art (STAR) Report}},
  journal = {Computer Graphics Forum, Proceedings of Eurovis 2016},
  publisher = {Wiley-Blackwell},
  address = {Gr\"oningen, Netherlands},
  month = jun,
  year = 2016,
  volume = 35,
  number = 3,
  note = {LBNL-1005709},
}

@Article{Dagstuhl19,
  author =      {Janine C. Bennett and Hank Childs and Christoph Garth and Bernd Hentschel},
  title =       {{In Situ Visualization for Computational Science (Dagstuhl Seminar 18271)}},
  pages =       {1--43},
  journal =     {Dagstuhl Reports},
  ISSN =        {2192-5283},
  year =        {2018},
  month  =      jul,
  volume =      {8},
  number =      {7},
  editor =      {Janine C. Bennett and Hank Childs and Christoph Garth and Bernd Hentschel},
  publisher =   {Schloss Dagstuhl--Leibniz-Zentrum fuer Informatik},
  address =     {Dagstuhl, Germany},
  URN =         {urn:nbn:de:0030-drops-101714},
  doi =         {10.4230/DagRep.8.7.1},
  annote =      {Keywords: In situ processing, scientific visualization, high-performance computing, computational science, Dagstuhl Seminar}
}

@article{team2000r,
  title={R language definition},
  author={Team, R Core},
  journal={Vienna, Austria: R foundation for statistical computing},
  year={2000}
}

@inproceedings{peterka_ldav11,
	author = "Tom Peterka and others",
	title = "Scalable Parallel Building Blocks for Custom Data Analysis",
	booktitle = "Proceedings of Large Data Analysis and Visualization Symposium LDAV'11",
	address = "Providence, RI",
	year = "2011"
}

@inproceedings{WhitlockFM11,
  author    = {Brad Whitlock and
               Jean M. Favre and
               Jeremy S. Meredith},
  title     = {Parallel In Situ Coupling of Simulation with a Fully Featured Visualization
               System},
  booktitle = {Eurographics Symposium on Parallel Graphics and Visualization, {EGPGV}
               2011, Llandudno, Wales, UK, 2011. Proceedings},
  pages     = {101--109},
  year      = {2011},
}

@book(catalystUG,
  author = {Andrew C. Bauer and Berk Geveci and Will Schroeder},
  title = {{The ParaView Catalyst User's Guide v2.0}},
  publisher = {{Kitware, Inc.}},
  year={2015}
)

@inproceedings{parker1995scirun,
  title={SCIRun: a scientific programming environment for computational steering},
  author={Parker, Steven G and Johnson, Christopher R},
  booktitle={Supercomputing'95: Proceedings of the 1995 ACM/IEEE Conference on Supercomputing},
  pages={52--52},
  year={1995},
  organization={IEEE}
}

@inproceedings{shashidharan2017tfutures,
  title={tFUTURES: Computational steering for geosimulations},
  author={Shashidharan, Ashwin and Vatsavai, Ranga Raju and Ashish, Abhinav and Meentemeyer, Ross K},
  booktitle={Proceedings of the 25th ACM SIGSPATIAL International Conference on Advances in Geographic Information Systems},
  pages={27},
  year={2017},
  organization={ACM}
}

@incollection{korobenko2018computational,
  title={A Computational Steering Framework for Large-Scale Composite Structures},
  author={Korobenko, A and Hsu, M-C and Bazilevs, Y},
  booktitle={Handbook of Dynamic Data Driven Applications Systems},
  pages={155--171},
  year={2018},
  publisher={Springer}
}

@inproceedings{sanderson2018coupling,
  title={Coupling the Uintah Framework and the VisIt Toolkit for Parallel In Situ Data Analysis and Visualization and Computational Steering},
  author={Sanderson, Allen and Humphrey, Alan and Schmidt, John and Sisneros, Robert},
  booktitle={International Conference on High Performance Computing},
  pages={201--214},
  year={2018},
  organization={Springer}
}

@inproceedings{AhrensCinema,
	author = {Ahrens, James and others},
	title = {An Image-based Approach to Extreme Scale in Situ Visualization and Analysis},
	booktitle = {Proceedings of the International Conference for High Performance Computing, Networking, Storage and Analysis},
	series = {SC '14},
	year = {2014},
	isbn = {978-1-4799-5500-8},
	location = {New Orleans, Louisana},
	pages = {424--434},
	numpages = {11},
	doi = {10.1109/SC.2014.40},
	acmid = {2683640},
	publisher = {IEEE Press},
	address = {Piscataway, NJ, USA},
}

@inproceedings{Lofstead2008,
	author = {Lofstead, Jay F. and Klasky, Scott and Schwan, Karsten and Podhorszki, Norbert and Jin, Chen},
	title = {Flexible IO and Integration for Scientific Codes Through the Adaptable IO System (ADIOS)},
	booktitle = {Proceedings of the 6th International Workshop on Challenges of Large Applications in Distributed Environments},
	series = {CLADE '08},
	year = {2008},
	isbn = {978-1-60558-156-9},
	location = {Boston, MA, USA},
	pages = {15--24},
	numpages = {10},
	doi = {10.1145/1383529.1383533},
	acmid = {1383533},
	publisher = {ACM},
	address = {New York, NY, USA},
	keywords = {HDF-5, MPI-IO, modular IO, visualization, workflow},
}

@inproceedings{EAVL,
booktitle = {Eurographics Symposium on Parallel Graphics and Visualization},
title = {{EAVL: The Extreme-scale Analysis and Visualization Library}},
author = {Meredith, Jeremy S. and Ahern, Sean and Pugmire, Dave and Sisneros, Robert},
year = {2012},
publisher = {The Eurographics Association},
}

@inproceedings{DIY,
  title={Scalable parallel building blocks for custom data analysis},
  author={Peterka, Tom and Ross, Robert and Gyulassy, Attila and Pascucci, Valerio and Kendall, Wesley and Shen, Han-Wei and Lee, Teng-Yok and Chaudhuri, Abon},
  booktitle={Large Data Analysis and Visualization (LDAV), 2011 IEEE Symposium on},
  pages={105--112},
  year={2011},
  organization={IEEE}
}


@article{MPI,
  title={A high-performance, portable implementation of the MPI message passing interface standard},
  author={Gropp, William and Lusk, Ewing and Doss, Nathan and Skjellum, Anthony},
  journal={Parallel computing},
  volume={22},
  number={6},
  pages={789--828},
  year={1996},
  publisher={Elsevier}
}

@article{Moreland:CGA2016,
	author = {Kenneth Moreland and others},
	title = {{VTK-m: Accelerating the Visualization Toolkit for Massively Threaded Architectures}},
	journal ={IEEE Computer Graphics and Applications (CG\&A)},
	volume = {36},
	number = {3},
	Month = may # {/} # jun,
	pages = {48-58},
	year ={2016},
}

@InCollection{VisIt,
  author = {Hank Childs and others},
  title = {{VisIt: An End-User Tool For Visualizing and Analyzing Very Large Data}},
   year =      "2012",
   pages = "357--372",
  month = oct,
  booktitle = {{High Performance Visualization---Enabling Extreme-Scale Scientific Insight}},
  publisher = {CRC Press/Francis--Taylor Group},
}

@inproceedings{LibSim,
 author = {Whitlock, Brad and Favre, Jean M. and Meredith, Jeremy S.},
 title = {{Parallel in Situ Coupling of Simulation with a Fully Featured Visualization System}},
 booktitle = {Proceedings of the 11th Eurographics Conference on Parallel Graphics and Visualization (EGPGV)},
 year = {2011},
 pages = {101--109},
}

@inproceedings{cwood,
	author = {Wood, C and Larsen, M and Gomez, A and Harrison, C and Gamblin, T and Malony, A},
	title = {Projecting Performance Data Over Simulation Geometry Using SOSflow and ALPINE},
	booktitle = {In Proceedings of the 4th International Workshop on Visual Performance Analysis (VPA '17)},
	year = {2017},
}

@InCollection{HPV:VisIt,
  author = {Hank Childs and Eric Brugger and Brad Whitlock and Jeremy Meredith and Sean Ahern and David Pugmire and Kathleen Biagas and Mark Miller and Cyrus Harrison and Gunther H. Weber and Hari Krishnan and Thomas Fogal and Allen Sanderson and Christoph Garth and E. Wes Bethel and David Camp and Oliver R\"{u}bel and Marc Durant and Jean M. Favre  and Paul Navr\'{a}til},
  title = {{VisIt: An End-User Tool for Visualizing and Analyzing Very Large Data}},
   year =      "2012",
   pages = "357--372",
  month = oct,
  booktitle = {{High Performance Visualization---Enabling Extreme-Scale Scientific Insight}},
  publisher = {CRC Press/Francis--Taylor Group},
}

@book{PVGuide,
  author = {Ayachit, Utkarsh},
  title = {The ParaView Guide: A Parallel Visualization Application},
  publisher = {Kitware},
  year = {2015},
  isbn = {978-1930934306}
}

@inproceedings{cyrush_pyhpc2012,
author={C. Harrison and P. Navr\`{a}til and M. Moussalem and M. Jiang and H. Childs},
booktitle={Proceedings of the 2012 Workshop on Python for High Performance and Scientific Computing},
title={Efficient Dynamic Derived Field Generation on Many-Core Architectures Using Python},
series = {PyHPC 2012},
year={2012},
pages={583-592},
keywords={data visualisation;filtering theory;large-scale systems;multiprocessing systems;parallel processing;pipeline processing;program testing;HPC environment;OpenCL;analysis systems;data movement;efficient dynamic derived field generation;execution strategies;filter pipeline;flexible Python-based framework;large-scale simulation;many-core architectures;memory constraints;runtime performance;visualization systems;vortex detection application;hpc;opencl;python;scientific visualization},
doi={10.1109/SC.Companion.2012.82},
month={Nov},}

@article{ParaView,
  title={Paraview: An end-user tool for large data visualization},
  author={Ahrens, James and Geveci, Berk and Law, Charles},
  journal={The Visualization Handbook},
  volume={717},
  year={2005},
  publisher={Elsevier}
}

@inproceedings{Catalyst,
  title={Paraview catalyst: Enabling in situ data analysis and visualization},
  author={Ayachit, Utkarsh and others},
  booktitle={Proceedings of the First Workshop on In Situ Infrastructures for Enabling Extreme-Scale Analysis and Visualization},
  pages={25--29},
  year={2015},
  organization={ACM}
}

@online{conduit_main,
	author = {Lawrence Livermore National Laboratory},
	title = {Conduit: Simplified Data Exchange for HPC Simulations},
	year = 2017,
	url = {https://llnl-conduit.readthedocs.io},
	urldate = {2017-08-01}
}

@online{conduit_blueprint,
	author = {Lawrence Livermore National Laboratory},
	title = {Conduit: Simplified Data Exchange for HPC Simulations - Conduit Blueprint},
	year = 2017,
	url = {https://llnl-conduit.readthedocs.io/en/latest/blueprint.html},
	urldate = {2017-08-01}
}


@online{mfem-library,
  title={{MFEM}: Modular finite element methods},
	year = 2017,
	url = {http://mfem.org},
	urldate = {2017-08-01}
}

@inproceedings{AyachitSENSEI,
	author = {Ayachit, Utkarsh and others},
	title = {The SENSEI Generic in Situ Interface},
	booktitle = {Proceedings of the 2Nd Workshop on In Situ Infrastructures for Enabling Extreme-scale Analysis and Visualization},
	series = {ISAV '16},
	year = {2016},
	isbn = {978-1-5090-3872-5},
	location = {Salt Lake City, Utah},
	pages = {40--44},
	keywords = {application programming interfaces, computer aided analysis, high performance computing, scientific computing}
}

@INPROCEEDINGS{ling_ldav,
author={J. Ling and W. P. Kegelmeyer and K. Aditya and H. Kolla and K. A. Reed and T. M. Shead and W. L. Davis},
booktitle={2017 IEEE 7th Symposium on Large Data Analysis and Visualization (LDAV)},
title={Using feature importance metrics to detect events of interest in scientific computing applications},
year={2017},
volume={},
number={},
pages={55-63},
keywords={feature extraction;parallel processing;scientific information systems;feature importance metrics;scientific computing applications;high performance computing setting;memory usage;high performance scientific computing workflows;event-of-interest detection;Program processors;Feature extraction;Measurement;Meteorology;Anomaly detection;Event detection;Decision trees;I.6.6 [Computing Methodologies]: Simulation and Modeling-Simulation Output Analysis;I.5.0 [Computing Methodologies]: Pattern Recognition-General},
doi={10.1109/LDAV.2017.8231851},
ISSN={},
month={Oct},}


@article{bennett_siam,
author = {Bennett, J. and Bhagatwala, A. and Chen, J. and Pinar, A. and Salloum, M. and Seshadhri, C.},
title = {Trigger Detection for Adaptive Scientific Workflows Using Percentile Sampling},
journal = {SIAM Journal on Scientific Computing},
volume = {38},
number = {5},
pages = {S240-S263},
year = {2016},
}


@Article{ullrich_gmd,
AUTHOR = {Ullrich, P. A. and Zarzycki, C. M.},
TITLE = {TempestExtremes: a framework for scale-insensitive pointwise feature tracking on unstructured grids},
JOURNAL = {Geoscientific Model Development},
VOLUME = {10},
YEAR = {2017},
NUMBER = {3},
PAGES = {1069--1090},
URL = {https://www.geosci-model-dev.net/10/1069/2017/},
DOI = {10.5194/gmd-10-1069-2017}
}


@article{zhao_jc,
author = {Zhao, Ming and Held, Isaac M. and Lin, Shian-Jiann and Vecchi, Gabriel A.},
title = {Simulations of Global Hurricane Climatology, Interannual Variability, and Response to Global Warming Using a 50-km Resolution GCM},
journal = {Journal of Climate},
volume = {22},
number = {24},
pages = {6653-6678},
year = {2009},
doi = {10.1175/2009JCLI3049.1},
}


@inproceedings{Salloum_isav,
 author = {Salloum, Maher and Bennett, Janine C. and Pinar, Ali and Bhagatwala, Ankit and Chen, Jacqueline H.},
 title = {Enabling Adaptive Scientific Workflows Via Trigger Detection},
 booktitle = {Proceedings of the First Workshop on In Situ Infrastructures for Enabling Extreme-Scale Analysis and Visualization},
 series = {ISAV2015},
 year = {2015},
 isbn = {978-1-4503-4003-8},
 location = {Austin, TX, USA},
 pages = {41--45},
 numpages = {5},
 acmid = {2828619},
 publisher = {ACM},
 address = {New York, NY, USA},
}

@techreport{kunen2015kripke,
	title={KRIPKE-a massively parallel transport mini-app},
	author={Kunen, Adam J and Bailey, Teresa S and Brown, Peter N},
	year={2015},
	institution={Lawrence Livermore National Lab.(LLNL), Livermore, CA (United States)}
}

@article {zhou_cgf,
journal = {Computer Graphics Forum},
title = {{Key Time Steps Selection for Large-Scale Time-Varying Volume Datasets Using an Information-Theoretic Storyboard}},
author = {Zhou, Bo and Chiang, Yi-Jen},
year = {2018},
publisher = {The Eurographics Association and John Wiley & Sons Ltd.},
ISSN = {1467-8659},
DOI = {10.1111/cgf.13399}
}


@inproceedings {banesh,
booktitle = {Workshop on Visualisation in Environmental Sciences (EnvirVis)},
editor = {Karsten Rink and Dirk Zeckzer and Roxana Bujack and Stefan Jänicke},
title = {{Change Point Detection for Ocean Eddy Analysis}},
author = {Banesh, Divya and Wendelberger, Joanne and Petersen, Mark and Ahrens, James and Hamann, Bernd},
year = {2018},
publisher = {The Eurographics Association},
ISBN = {978-3-03868-063-5},
DOI = {10.2312/envirvis.20181134}
}

@ARTICLE{myers,
   author = {{Myers}, K. and others},
    title = "{Partitioning a Large Simulation as It Runs}",
  journal = {ArXiv e-prints},
archivePrefix = "arXiv",
   eprint = {1409.0909},
 primaryClass = "stat.ME",
 keywords = {Statistics - Methodology},
     year = 2014,
  adsnote = {Provided by the SAO/NASA Astrophysics Data System}
}


@ARTICLE{wendelberger,
   author = {{Wendelberger}, J. and {Banesh}, D. and {Ahrens}, J.},
    title = "{Detecting Changes in Simulations}",
  journal = {Joint Statistical Meetings},
 keywords = {change detection, computer simulations, data science},
     year = 2017,
    month = 07,
}
@inproceedings{Larsen:2018:ISAV,
	author = {Larsen, Matthew and others},
	title = {A Flexible System for in Situ Triggers},
	booktitle = {Proceedings of the Workshop on In Situ Infrastructures for Enabling Extreme-Scale Analysis and Visualization},
	series = {ISAV '18},
	year = {2018},
	isbn = {978-1-4503-6579-6},
	location = {Dallas, Texas, USA},
	pages = {1--6},
	numpages = {6},
	acmid = {3281468},
	publisher = {ACM},
	address = {New York, NY, USA},
}

@INPROCEEDINGS{malakar,
author={P. Malakar and V. Vishwanath and C. Knight and T. Munson and M. E. Papka},
booktitle={SC '16: Proceedings of the International Conference for High Performance Computing, Networking, Storage and Analysis},
title={Optimal Execution of Co-analysis for Large-Scale Molecular Dynamics Simulations},
year={2016},
volume={},
number={},
pages={702-715},
keywords={data handling;digital simulation;molecular dynamics method;parallel machines;scientific information systems;large-scale molecular dynamics simulations;optimal coanalysis execution;scientific simulation data;optimal output frequency;data transfer;resource constraints;network bandwidth;disk space;computation time;available memory;Mira supercomputer;Edison supercomputer;Analytical models;Computational modeling;Data models;Nonvolatile memory;Data transfer;Memory management;Supercomputers;simulation;analysis;optimization;scheduling},
ISSN={2167-4337},
month={Nov},
}

@inproceedings{LarsenAscent,
	author = {Larsen, Matthew and others},
	title = {The ALPINE In Situ Infrastructure: Ascending from the Ashes of Strawman},
	booktitle = {Proceedings of the In Situ Infrastructures on Enabling Extreme-Scale Analysis and Visualization},
	series = {ISAV'17},
	year = {2017},
	isbn = {978-1-4503-5139-3},
	location = {Denver, CO, USA},
	pages = {42--46},
	numpages = {5},
	doi = {10.1145/3144769.3144778},
	acmid = {3144778},
	publisher = {ACM},
	address = {New York, NY, USA},
	keywords = {HPC, In Situ, Scientific Visualization},
}

@online{clover,
	author = {UK Mini-App Consortium},
	title = {CloverLeaf3D: A 3D Lagrangian-Eulerian hydrodynamics benchmark},
	year = 2018,
	url = {http://uk-mac.github.io/CloverLeaf3D/},
	urldate = {2018-08-01}
}

@online{conduitblueprint,
	author = {Lawrence Livermore National Laboratory},
	title = {Conduit: Simplified Data Exchange for HPC Simulations - Conduit Blueprint},
	year = 2018,
	url = {https://software.llnl.gov/conduit/blueprint.html},
	urldate = {2018-08-01}
}

@online{conduit,
	author = {Lawrence Livermore National Laboratory},
	title = {Conduit: Simplified Data Exchange for HPC Simulations},
	year = 2018,
	url = {https://software.llnl.gov/conduit/},
	urldate = {2018-08-01}
}

@article{ecf07,
author = {Joy, Kenneth and Miller, Mark and Childs, Hank and Bethel, E. Wes and Clyne, John and Ostrouchov, George and Ahern, Sean},
year = {2007},
month = {08},
pages = {012035},
title = {Frameworks for visualization at the extreme scale},
volume = {78},
booktitle = {Journal of Physics: Conference Series}
}

@techreport{karlin2013lulesh,
	title={Lulesh 2.0 updates and changes},
	author={Karlin, Ian and Keasler, Jeff and Neely, JR},
	year={2013},
	institution={Lawrence Livermore National Lab.(LLNL), Livermore, CA (United States)}
}

@article{Banesh:2019:EES,
	title = {Comparison of piecewise linear change point detection with traditional analytical methods for ocean and climate data},
	author = {Divya Banesh and Mark Peterson and Joanne Wendelberger and James Ahrens and Bernd Hamann},
	year = {2019},
	date = {2019-01-01},
	journal= {Environmental Earth Sciences},
	pubstate = {published},
	tppubtype = {article},
}

%%%
% Cost Analysis and Performance Modeling-related papers
%%%

@inproceedings{Adhinarayanan:2017:IPDPS,
	title = {Characterizing and Modeling Power and Energy for Extreme-Scale In-Situ Visualization},
	author = {Vignesh Adhinarayanan and W. Feng and David Rogers and James Ahrens and Scott Pakin},
	year = {2017},
	date = {2017-05-01},
	booktitle = {2017 IEEE International Parallel and Distributed Processing Symposium (IPDPS)},
	pages = {978-987},
	note = {{LA-UR-16-22435}},
	keywords = {energy efficiency, in-situ visualization},
	pubstate = {published},
	tppubtype = {inproceedings},
}

@Article{Haldeman:2015:CDRD,
	author="Haldeman, Georgiana
	and others",
	title="Exploring energy-performance-quality tradeoffs for scientific workflows with in-situ data analyses",
	journal="Computer Science - Research and Development",
	year="2015",
	month="May",
	day="01",
	volume="30",
	number="2",
	pages="207--218",
	issn="1865-2042",
	doi="10.1007/s00450-014-0268-6"
}

@incollection{Snavely:2004:APC,
	title = "Performance modeling of HPC applications",
	editor = "G.R. Joubert and W.E. Nagel and F.J. Peters and W.V. Walter",
	series = "Advances in Parallel Computing",
	publisher = "North-Holland",
	volume = "13",
	pages = "777 - 784",
	year = "2004",
	booktitle = "Parallel Computing",
	issn = "0927-5452",
	doi = "https://doi.org/10.1016/S0927-5452(04)80095-9",
	author = "A. Snavely and X. Gao and C. Lee and L. Carrington and N. Wolter and J. Labarta and J. Gimenez and P. Jones",
}

@InProceedings{Kress:2019:Springer,
	author="Kress, James and others",
	title="Comparing the Efficiency of In Situ Visualization Paradigms at Scale",
	booktitle="High Performance Computing",
	year="2019",
	publisher="Springer International Publishing",
	address="Cham",
	pages="99--117",
}

@INPROCEEDINGS{Malakar:2015:SC,
	author={P. {Malakar} and others},
	booktitle={SC '15: Proceedings of the International Conference for High Performance Computing, Networking, Storage and Analysis},
	title={Optimal scheduling of in-situ analysis for large-scale scientific simulations},
	year={2015},
	volume={},
	number={},
	pages={1-11},
	keywords={bandwidth allocation;natural sciences computing;scheduling;in-situ analysis;IBM Blue Gene/Q system;network bandwidth;resource constraints;online analysis;numerical optimization;simulation-time analysis;end-to-end simulation-analysis time;I/O bandwidth;transformative simulations;leadership computing facilities;large-scale scientific simulations;optimal scheduling;Analytical models;Computational modeling;Data models;Kernel;Bandwidth;Optimization;Data visualization},
	ISSN={2167-4337},
	month={Nov},
}

@INPROCEEDINGS{Ayachit:2016:SC,
	author={U. {Ayachit} and others},
	booktitle={SC '16: Proceedings of the International Conference for High Performance Computing, Networking, Storage and Analysis},
	title={Performance Analysis, Design Considerations, and Applications of Extreme-Scale In Situ Infrastructures},
	year={2016},
	volume={},
	number={},
	pages={921-932},
	keywords={concurrency (computers);data analysis;data visualisation;natural sciences computing;parallel processing;performance evaluation;storage management;extreme-scale computational science;computational rates;I/O rates;simulation data;visual exploration;visual analysis;in situ processing;data visualization;data analysis processing;performance measurement;performance analysis;scalability;simulation codes;large-scale HPC;science application codes;concurrency;design considerations;extreme-scale in situ infrastructures;miniapplication codes;Concurrent computing;Computational modeling;Data models;Data visualization;Scientific computing;Analytical models;Libraries},
	doi={10.1109/SC.2016.78},
	ISSN={2167-4337},
	month={Nov},}

@INPROCEEDINGS{Vishwanath:2011:LDAV,
	author={V. {Vishwanath} and M. {Hereld} and M. E. {Papka}},
	booktitle={2011 IEEE Symposium on Large Data Analysis and Visualization},
	title={Toward simulation-time data analysis and I/O acceleration on leadership-class systems},
	year={2011},
	volume={},
	number={},
	pages={9-14},
	keywords={data analysis;input-output programs;simulation-time data analysis;I/O acceleration;leadership-class systems;current-generation HPC systems;GLEAN;Data models;Data visualization;Computational modeling;Analytical models;Network topology;Data analysis;Fractals},
	doi={10.1109/LDAV.2011.6092178},
	ISSN={null},
	month={Oct},
}


%%%%%%%
@article{Liu:2014:HAC,
	author = {Liu, Qing and others},
	title = {Hello ADIOS: The Challenges and Lessons of Developing Leadership Class I/O Frameworks},
	journal = {Concurr. Comput. : Pract. Exper.},
	issue_date = {May 2014},
	volume = {26},
	number = {7},
	month = may,
	year = {2014},
	issn = {1532-0626},
	pages = {1453--1473},
	numpages = {21},
	doi = {10.1002/cpe.3125},
	acmid = {2768267},
	publisher = {John Wiley and Sons Ltd.},
	address = {Chichester, UK},
	keywords = {I/O middleware, high performance I/O, high performance computing},
}

@article{yu2010situ,
  title={In situ visualization for large-scale combustion simulations},
  author={Yu, Hongfeng and Wang, Chaoli and Grout, Ray W and Chen, Jacqueline H and Ma, Kwan-Liu},
  journal={IEEE computer graphics and applications},
  volume={30},
  number={3},
  pages={45--57},
  year={2010},
  publisher={IEEE}
}

@inproceedings{li2017performance,
  title={Performance impacts of in situ wavelet compression on scientific simulations},
  author={Li, Shaomeng and Larsen, Matthew and Clyne, John and Childs, Hank},
  booktitle={Proceedings of the in situ infrastructures on enabling extreme-scale analysis and visualization},
  pages={37--41},
  year={2017},
  organization={ACM}
}

@inproceedings{woodring2011situ,
  title={In-situ Sampling of a Large-Scale Particle Simulation for Interactive Visualization and Analysis},
  author={Woodring, Jonathan and others},
  booktitle={Computer Graphics Forum},
  volume={30},
  number={3},
  pages={1151--1160},
  year={2011},
  organization={Wiley Online Library}
}

@inproceedings{biswas2018situ,
  title={In situ data-driven adaptive sampling for large-scale simulation data summarization},
  author={Biswas, Ayan and Dutta, Soumya and Pulido, Jesus and Ahrens, James},
  booktitle={Proceedings of the Workshop on In Situ Infrastructures for Enabling Extreme-Scale Analysis and Visualization},
  pages={13--18},
  year={2018},
  organization={ACM}
}

@inproceedings{nouanesengsy2014adr,
  title={Adr visualization: A generalized framework for ranking large-scale scientific data using analysis-driven refinement},
  author={Nouanesengsy, Boonthanome and others},
  booktitle={2014 ieee 4th symposium on large data analysis and visualization (ldav)},
  pages={43--50},
  year={2014},
  organization={IEEE}
}

@article{usher2016situ,
  title={In situ exploration of particle simulations with CPU ray tracing},
  author={Usher, Will and Wald, Ingo and Knoll, Aaron and Papka, Michael and Pascucci, Valerio},
  journal={Supercomputing Frontiers and Innovations},
  volume={3},
  number={4},
  pages={4--18},
  year={2016},
  publisher={Федеральное государственное бюджетное образовательное учреждение высшего~…}
}

@article{johansen2017toward,
  title={Toward exascale earthquake ground motion simulations for near-fault engineering analysis},
  author={Johansen, Hans and others},
  journal={Computing in Science \& Engineering},
  volume={19},
  number={5},
  pages={27--37},
  year={2017},
  publisher={IEEE}
}

@article{cloverleaf,
  title={Cloverleaf: Preparing hydrodynamics codes for exascale},
  author={Mallinson, AC and Beckingsale, David A and Gaudin, WP and Herdman, JA and Levesque, JM and Jarvis, Stephen A},
  journal={The Cray User Group},
  volume={2013},
  year={2013}
}

@inproceedings{LarsenRendering,
 author = {Larsen, Matthew and others},
 title = {Performance Modeling of in Situ Rendering},
 booktitle = {Proceedings of the International Conference for High Performance Computing, Networking, Storage and Analysis},
 series = {SC '16},
 year = {2016},
 isbn = {978-1-4673-8815-3},
 location = {Salt Lake City, Utah},
 pages = {24:1--24:12},
 articleno = {24},
 numpages = {12},
 acmid = {3014936},
 publisher = {IEEE Press},
 address = {Piscataway, NJ, USA},
}

@inproceedings{CyrusISAV,
author = {Ibrahim, Seif and Stitt, Thomas and Larsen, Matthew and Harrison, Cyrus},
title = {Interactive in Situ Visualization and Analysis Using Ascent and Jupyter},
year = {2019},
isbn = {9781450377232},
publisher = {Association for Computing Machinery},
address = {New York, NY, USA},
url = {https://doi.org/10.1145/3364228.3364232},
doi = {10.1145/3364228.3364232},
booktitle = {Proceedings of the Workshop on In Situ Infrastructures for Enabling Extreme-Scale Analysis and Visualization},
pages = {44–48},
numpages = {5},
location = {Denver, Colorado},
series = {ISAV ’19}
}

@article{hurricane2009high,
  title={A high energy density shock driven Kelvin--Helmholtz shear layer experiment},
  author={Hurricane, OA and Hansen, JF and Robey, HF and Remington, BA and Bono, MJ and Harding, EC and Drake, RP and Kuranz, CC},
  journal={Physics of Plasmas},
  volume={16},
  number={5},
  pages={056305},
  year={2009},
  publisher={American Institute of Physics}
}

@inproceedings{babelflow,
  title={Babelflow: An embedded domain specific language for parallel analysis and visualization},
  author={Petruzza, Steve and Treichler, Sean and Pascucci, Valerio and Bremer, Peer-Timo},
  booktitle={2018 IEEE International Parallel and Distributed Processing Symposium (IPDPS)},
  pages={463--473},
  year={2018},
  organization={IEEE}
}

@conference{Jupyter,
  author       = {Thomas Kluyver and Benjamin Ragan-Kelley and Fernando P{\'e}rez and Brian Granger and Matthias Bussonnier and Jonathan Frederic and Kyle Kelley and Jessica Hamrick and Jason Grout and Sylvain Corlay and Paul Ivanov and Dami{\'a}n Avila and Safia Abdalla and Carol Willing},
  booktitle    = {Positioning and Power in Academic Publishing: Players, Agents and Agendas},
  editor       = {F. Loizides and B. Schmidt},
  organization = {IOS Press},
  pages        = {87--90},
  title        = {Jupyter Notebooks - A publishing format for reproducible computational workflows},
  year         = {2016},
  doi          = {10.3233/978-1-61499-649-1-87},
}

@article{marbl,
  title={Exascale applications: skin in the game},
  author={Alexander, Francis and Almgren, Ann and Bell, John and Bhattacharjee, Amitava and Chen, Jacqueline and Colella, Phil and Daniel, David and DeSlippe, Jack and Diachin, Lori and Draeger, Erik and others},
  journal={Philosophical Transactions of the Royal Society A},
  volume={378},
  number={2166},
  pages={20190056},
  year={2020},
  publisher={The Royal Society Publishing}
}

@misc{mfem,
  title = {MFEM: Finite Element Discretization Library},
  howpublished = {\url{https://github.com/mfem/mfem/}},
  note = {Accessed: 2020-1-30}
}

@misc{dray,
  title = {Devil Ray: A High-Order Element Ray Tracer},
  howpublished = {\url{https://github.com/LLNL/devil\_ray/}},
  note = {Accessed: 2020-1-31}
}

@INPROCEEDINGS{damaris,
  author={M. {Dorier} and R. {Sisneros} and T. {Peterka} and G. {Antoniu} and D. {Semeraro}},
  booktitle={2013 IEEE Symposium on Large-Scale Data Analysis and Visualization (LDAV)},
  title={Damaris/Viz: A nonintrusive, adaptable and user-friendly in situ visualization framework},
  year={2013},
  volume={},
  number={},
  pages={67-75},
  doi={10.1109/LDAV.2013.6675160},
  ISSN={},
  month={Oct},
}

@INPROCEEDINGS{vtk,
  author={W. J. {Schroeder} and K. M. {Martin} and W. E. {Lorensen}},
  booktitle={Proceedings of Seventh Annual IEEE Visualization '96},
  title={The design and implementation of an object-oriented toolkit for 3D graphics and visualization},
  year={1996},
  volume={},
  number={},
  pages={93-100},}

@online{xdmf,
	title = {eXtensible Data Model and Format},
	url = {http://www.xdmf.org},
	urldate = {2020-06-01}
}
